//criptografia assimetrica rsa em audio

@article{dacriptografia,
  title={Criptografia Assim{\'e}trica em Documentos de {\'A}udio: uma experi{\^e}ncia inicial com o algoritmo RSA},
  author={da Silva, Mariana de Lourdes Godoy and Oliveira, Cintia Carvalho}
}

//tem umas tabelas massa
@article{oliveira2012criptografia,
  title={Criptografia sim{\'e}trica e assim{\'e}trica-os principais algoritmos de cifragem},
  author={Oliveira, Ronielton Rezende},
  journal={Seguran{\c{c}}a Digital [Revista online]},
  volume={31},
  pages={11--15},
  year={2012}
}

@inproceedings{hamalainen2006design,
  title={Design and implementation of low-area and low-power AES encryption hardware core},
  author={Hamalainen, Panu and Alho, Timo and Hannikainen, Marko and Hamalainen, Timo D},
  booktitle={Digital System Design: Architectures, Methods and Tools, 2006. DSD 2006. 9th EUROMICRO Conference on},
  pages={577--583},
  year={2006},
  organization={IEEE}
}

@inproceedings{lu2002integrated,
  title={Integrated design of AES (Advanced Encryption Standard) encrypter and decrypter},
  author={Lu, Chih-Chung and Tseng, Shau-Yin},
  booktitle={Application-Specific Systems, Architectures and Processors, 2002. Proceedings. The IEEE International Conference on},
  pages={277--285},
  year={2002},
  organization={IEEE}
}

@inproceedings{harrison2007aes,
  title={AES encryption implementation and analysis on commodity graphics processing units},
  author={Harrison, Owen and Waldron, John},
  booktitle={International Workshop on Cryptographic Hardware and Embedded Systems},
  pages={209--226},
  year={2007},
  organization={Springer}
}

@book{burnett,
 title={Criptografia e seguran{\c{c}}a: o guia oficial RSA},
 author={BURNETT, STEVEN and Paine, Stephen},
 year={2002},
 publisher={Gulf Professional Publishing}
}
 
@book{stallings,
 title={Criptografia e seguran{\c{c}}a de redes: princ{\'\i}pios e pr{\'a}ticas},
 author={Stallings, William and Vieira, Daniel},
 year={2008},
 publisher={Pearson Prentice Hall}
}
 
@book{coutinho,
 title={N{\'u}meros inteiros e criptografia RSA},
 author={Coutinho, Severino Colier},
 year={2009},
 publisher={IMPA}
}

@inproceedings{ribeiro2001estudo,
  title={Um Estudo Comparativo entre algoritmos de criptografia DES--Lucifer (1977) e AES--Rijndael (2000)},
  author={Ribeiro, Vinicius Gadis},
  booktitle={VII Congreso Argentino de Ciencias de la Computaci{\'o}n},
  year={2001}
}
